@article{thermal,title={Research on simplification of simulating the heat conduction in the lithium-ion battery core},url={https://ieeexplore.ieee.org/document/6914984}, author={X Feng},year={2013}}

@misc{distribution,title={A Distributed Thermal Model for a Li-ion Electrode Plate Pair},url={https://www.sciencedirect.com/science/article/pii/S0378775312012864?via\%3Dihub},author={M Guo},year={2013}}

@misc{side_cooling,title={Thermal Management for High-Capacity Large Format Li-Ion Cells},url={http://ma.ecsdl.org/content/MA2014-02/5/445.abstract},author={S Pannala},year={2014}}

@misc{scaling,title={Scaling Electrochemical Battery Models for Time-Accelerated and Size-Scaled Experiments on Test-Benches}, url={https://ieeexplore.ieee.org/document/7879857},author={J M Cabello},year={2017}}

@misc{heat_generation,title={Experimental and theoretical investigations of heat generation rates for a water cooled LiFePO4 battery},url={https://www.sciencedirect.com/science/article/pii/S0017931016302034},author={S Panchal},year={2016}}

@misc{safety,title={Thermal‚ÄêResponsive Polymers for Enhancing Safety of Electrochemical Storage Devices},url={https://onlinelibrary.wiley.com/doi/full/10.1002/adma.201704347},author={H Yang},year={2018}}

@misc{runaway,title={Measurements and modeling to determine the critical temperature for preventing thermal runaway in Li-ion cells},url={https://www.sciencedirect.com/science/article/pii/S1359431118330254?via\%3Dihub 
},author={I Esho},year={2018}}

@misc{SAE,title={Thermal Management of Lithium-Ion Pouch Cell with Indirect Liquid Cooling
using Dual Cold Plates Approach},url={file://ad.uillinois.edu/engr-ews/gzak2/Downloads/2015-01-1184.pdf},author={S Panchal},year={2015}}

@misc{novark,title={Two-Phase Heat Transfer Technologies},url={https://www.novarktechnologies.com/?page_id=28}, author={Novark\hspace{0.25em}Technologies}}

% if you need to reference the proposal, rethink what you are doing. The report is a complete summary of our work, and should not need a reference to any of our previous works.
@misc{proposal,
	Author = {Vedant Puri, and Gordon Zak, and Tanner Koehne, and Nabarun Banerjee},
	Title = {{B}attery {C}ooling for {I}llini {H}yperloop},
	Year = {2019}}
% can refer in the introduction/problem statement if necessary, but nowhere else.
@misc{me470site,
	Journal = {ME470 - MechSE - Illinois},
	Publisher = {The Board of Trustees at the University of Illinois},
	Title = {{ME}470 {S}enior {D}esign {P}roject},
	Url = {https://me470.mechse.illinois.edu/},
	Year = {2019},
	Bdsk-Url-1 = {https://me470.mechse.illinois.edu/}}
